<record><leader>00000cas a2200000 a 4500</leader><controlfield tag="001">14289336</controlfield><controlfield tag="008">861001d19181925ksudr ne      0    0eng d</controlfield><controlfield tag="009">3789</controlfield><datafield ind1=" " ind2=" " tag="010"><subfield code="a">sn 86064032 </subfield></datafield><datafield ind1=" " ind2=" " tag="040"><subfield code="a">KSH</subfield><subfield code="b">eng</subfield><subfield code="c">KSH</subfield><subfield code="d">NPT</subfield><subfield code="d">DLC</subfield><subfield code="d">OCL</subfield></datafield><datafield ind1=" " ind2=" " tag="042"><subfield code="a">msc</subfield></datafield><datafield ind1="0" ind2="4" tag="245"><subfield code="a">The Barton County democrat the Great Bend tribune.</subfield></datafield><datafield ind1=" " ind2=" " tag="260"><subfield code="a">Great Bend, Kan. :</subfield><subfield code="b">John K. McMullen,</subfield><subfield code="c">1918-1925.</subfield></datafield><datafield ind1=" " ind2=" " tag="300"><subfield code="a">8 v. :</subfield><subfield code="b">ill. ;</subfield><subfield code="c">58 cm.</subfield></datafield><datafield ind1=" " ind2=" " tag="310"><subfield code="a">Daily</subfield></datafield><datafield ind1="0" ind2=" " tag="362"><subfield code="a">Vol. 43, no. 89 (Dec. 2, 1918)-v. 50, no. 24 (Sept. 19, 1925).</subfield></datafield><datafield ind1=" " ind2=" " tag="752"><subfield code="a">United States</subfield><subfield code="b">Kansas</subfield><subfield code="c">Barton</subfield><subfield code="d">Great Bend.</subfield></datafield><datafield ind1="0" ind2="4" tag="780"><subfield code="t">Great Bend tribune (Great Bend, Kan. : 1911)</subfield><subfield code="w">(DLC)sn 86064031</subfield></datafield><datafield ind1="0" ind2="4" tag="780"><subfield code="t">Barton County democrat (Great Bend, Kan. : 1915)</subfield><subfield code="w">(DLC)sn 83040173</subfield></datafield><datafield ind1="0" ind2="0" tag="785"><subfield code="t">Great Bend tribune (Great Bend, Kan. : 1925)</subfield><subfield code="w">(DLC)sn 84027596</subfield></datafield></record>